@article{socialnetwork01,
  author =       "Noel M. Tichy, Michael L. Tushman, Charles Fombrun",
  title =        "{Social Network Analysis for Organizations}",
  journal =  "Academy of Management",
  month =        "oct",
  year =         "1979",
  volume = 	"4",
  number =	"4",
  pages =	"507-519",
  url = 	"http://www.sfu.ca/cmns/courses/marontate/2009/801/ClassFolders/jmckinnon/Alternatives/Social%20Network%20Analysis%20for%20Organizations.pdf"
}

@techreport{peoplesensemaking+enterprise,
  author =       "Joan M. DiMicco and Werner Geyer and David R. Millen and Casey Dugan and Beth Brownholtz",
  title =        "{People Sensemaking and Relationship Building on an Enterprise Social Network Site}",
  institution =  "IBM",
  url = 	"http://domino.watson.ibm.com/cambridge/research.nsf/58bac2a2a6b05a1285256b30005b3953/c1f1fd5951fc903a8525766500646cf9/$FILE/TR2008.06%20Body%20People%20Sensemaking%20and%20Relationship.pdf"
}

@misc{yammer,
  title =	"Yammer - www.yammer.com",
  url = 	"http://wwww.yammer.com"
}

@misc{oracle-social-crm,
  url = 	"http://www.oracle.com/webapps/dialogue/ns/dlgwelcome.jsp?p_ext=Y&p_dlg_id=10290163&src=7360328&Act=49&sckw=WWMK11060543MPP003.GCM.8051.210",
  title = "Oracle Social CRM - www.oracle.com"
}

@misc{linkedin,
  url = 	"linkedin.com",
  title = "LinkedIn - www.linkedin.com"
}

@misc{twitter,
  url = 	"twitter.com",
  title = "Twitter - www.twitter.com"
}

@misc{sulzer,
  url = 	"www.sulzer.de",
  title = "Sulzer GmbH - www.sulzer.de"
}

@article{socialnetwork02,
  author =       "Sarrel, Matthew",
  title =        "{Tapping the positive from social networks for collaboration.}",
  journal =  "eWeek",
  month =        "sept",
  year =         "2010",
  volume = 	"27",
  number =	"20",
  pages =	"22-26"
}

@article{paper+facebook,
  author =       "Decarie, Christina",
  title =        "{Facebook: Challenges and Opportunities for Business Communication Students.}",
  journal =  "Business Communication Quarterly",
  month =        "Dec",
  year =         "2010",
  volume = 	"73",
  number =	"4",
  pages =	"449-452"
}

@article{angel+example,
  author =       "Reid, Mike, Gray, Christian",
  title =        "{Online Social Networks, Virtual Communities, Enterprises, and Information Professionals}",
  journal =  "Academic Search Premier",
  month =        "Oct",
  year =         "2007",
  volume = 	"15",
  number =	"9"
}